<record><leader>00000cas a22000007a 4500</leader><controlfield tag="001">11102529</controlfield><controlfield tag="008">840829d18961929waucr ne      0    0eng d</controlfield><datafield ind1=" " ind2=" " tag="010"><subfield code="a">sn 84024753 </subfield></datafield><datafield ind1=" " ind2=" " tag="040"><subfield code="a">NPV</subfield><subfield code="b">eng</subfield><subfield code="c">NPV</subfield><subfield code="d">DLC</subfield><subfield code="d">SLZ</subfield><subfield code="d">NSD</subfield><subfield code="d">OCLCQ</subfield><subfield code="d">OCLCF</subfield><subfield code="d">OCLCO</subfield></datafield><datafield ind1=" " ind2=" " tag="042"><subfield code="a">msc</subfield></datafield><datafield ind1=" " ind2=" " tag="043"><subfield code="a">n-us-wa</subfield></datafield><datafield ind1="0" ind2=" " tag="130"><subfield code="a">Spokesman-review (Spokane, Wash. : 1896)</subfield></datafield><datafield ind1="0" ind2="4" tag="245"><subfield code="a">The Spokesman-review.</subfield></datafield><datafield ind1="3" ind2="0" tag="246"><subfield code="a">Spokesman review</subfield></datafield><datafield ind1="1" ind2="7" tag="246"><subfield code="a">Twice-a-week spokesman review</subfield></datafield><datafield ind1=" " ind2=" " tag="260"><subfield code="a">Spokane, Wash. :</subfield><subfield code="b">Review Pub. Co.</subfield></datafield><datafield ind1=" " ind2=" " tag="300"><subfield code="a">v.</subfield></datafield><datafield ind1=" " ind2=" " tag="310"><subfield code="a">Semiweekly</subfield></datafield><datafield ind1="0" ind2=" " tag="362"><subfield code="a">Vol. 14, no. 34 (Nov. 26, 1896)-</subfield></datafield><datafield ind1="1" ind2=" " tag="362"><subfield code="a">Ceased in 1929.</subfield></datafield><datafield ind1=" " ind2=" " tag="500"><subfield code="a">"Devoting especial attention to mining, agriculture and lumbering in the Pacific Northwest."</subfield></datafield><datafield ind1=" " ind2="0" tag="651"><subfield code="a">Spokane (Wash.)</subfield><subfield code="v">Newspapers.</subfield></datafield><datafield ind1=" " ind2="7" tag="655"><subfield code="a">Newspapers.</subfield><subfield code="2">fast</subfield><subfield code="0">(OCoLC)fst01423814</subfield></datafield><datafield ind1=" " ind2="7" tag="651"><subfield code="a">Washington (State)</subfield><subfield code="z">Spokane.</subfield><subfield code="2">fast</subfield><subfield code="0">(OCoLC)fst01206731</subfield></datafield><datafield ind1=" " ind2=" " tag="752"><subfield code="a">United States</subfield><subfield code="b">Washington</subfield><subfield code="c">Spokane</subfield><subfield code="d">Spokane.</subfield></datafield><datafield ind1="0" ind2=" " tag="775"><subfield code="t">Spokesman-review (Spokane, Wash. : 1894)</subfield><subfield code="x">1064-7317</subfield><subfield code="w">(DLC)sn 84024754</subfield></datafield><datafield ind1="0" ind2="0" tag="780"><subfield code="t">Twice-a-week spokesman-review</subfield><subfield code="w">(DLC)sn 88085306</subfield></datafield><datafield ind1="0" ind2="0" tag="785"><subfield code="t">Spokane daily times</subfield><subfield code="w">(DLC)sn 88087059</subfield></datafield></record>